<?xml version="1.0" encoding="UTF-8"?><record xmlns="http://www.loc.gov/MARC21/slim" xmlns:cinclude="http://apache.org/cocoon/include/1.0" xmlns:zs="http://www.loc.gov/zing/srw/">
  <leader>00656nz  a2200145n  4500</leader>
  <controlfield tag="001">n 2015014265</controlfield>
  <controlfield tag="003">DLC</controlfield>
  <controlfield tag="005">20150306112923.0</controlfield>
  <controlfield tag="008">150306n| azannaabn          |a ana      </controlfield>
  <datafield tag="010" ind1=" " ind2=" ">
    <subfield code="a">n 2015014265</subfield>
  </datafield>
  <datafield tag="040" ind1=" " ind2=" ">
    <subfield code="a">DLC</subfield>
    <subfield code="b">eng</subfield>
    <subfield code="e">rda</subfield>
    <subfield code="c">DLC</subfield>
  </datafield>
  <datafield tag="110" ind1="2" ind2=" ">
    <subfield code="a">Church of St. Clement (Matawan, N.J.)</subfield>
  </datafield>
  <datafield tag="410" ind1="2" ind2=" ">
    <subfield code="a">Church of Saint Clement (Matawan, N.J.)</subfield>
  </datafield>
  <datafield tag="670" ind1=" " ind2=" ">
    <subfield code="a">The Church of St. Clement, Matawan, New Jersey, 1972:</subfield>
    <subfield code="b">t.p. (Church of St. Clement)</subfield>
  </datafield>
  <datafield tag="670" ind1=" " ind2=" ">
    <subfield code="a">Parishes online website, March 6, 2015:</subfield>
    <subfield code="b">Church of St. Clement page (St. Clement Parish. Founded: 1965. Address: 172 Freneau Ave., Matawan, NJ 07747)</subfield>
    <subfield code="u">http://www.parishesonline.com/Scripts/HostedSites/Org.asp?ID=4396</subfield>
  </datafield>
</record>